
<ns0:record><ns0:leader>02424cam a22003372 b4500</ns0:leader>
<ns0:controlfield tag="001">40708</ns0:controlfield>
<ns0:controlfield tag="003">NNELS</ns0:controlfield><ns0:controlfield tag="005">20171030212127.0</ns0:controlfield><ns0:controlfield tag="006">m        d        </ns0:controlfield><ns0:controlfield tag="007">cr  n         </ns0:controlfield><ns0:controlfield tag="008">170518e20170427onca    o|||||||| ||eng|d</ns0:controlfield><ns0:datafield ind1=" " ind2=" " tag="020"><ns0:subfield code="z">9781771662987</ns0:subfield></ns0:datafield><ns0:datafield ind1=" " ind2=" " tag="020"><ns0:subfield code="z">1771662980</ns0:subfield></ns0:datafield><ns0:datafield ind1="3" ind2=" " tag="024"><ns0:subfield code="a">9781771662987</ns0:subfield></ns0:datafield><ns0:datafield ind1=" " ind2=" " tag="037"><ns0:subfield code="b">01362075</ns0:subfield></ns0:datafield><ns0:datafield ind1=" " ind2=" " tag="040"><ns0:subfield code="a">BIP US</ns0:subfield><ns0:subfield code="d">WaSeSS</ns0:subfield></ns0:datafield><ns0:datafield ind1="0" ind2="0" tag="082"><ns0:subfield code="a">843/.54</ns0:subfield><ns0:subfield code="2">23</ns0:subfield></ns0:datafield><ns0:datafield ind1="1" ind2=" " tag="100"><ns0:subfield code="a">Laverdure, Bertrand</ns0:subfield><ns0:subfield code="y">fre.</ns0:subfield></ns0:datafield><ns0:datafield ind1="0" ind2="0" tag="245"><ns0:subfield code="a">Readopolis</ns0:subfield></ns0:datafield><ns0:datafield ind1=" " ind2=" " tag="264"><ns0:subfield code="a">Toronto : </ns0:subfield><ns0:subfield code="b">BookThug</ns0:subfield><ns0:subfield code="c">April 2017</ns0:subfield><ns0:subfield code="a">Berkeley : </ns0:subfield><ns0:subfield code="b">SPD-Small Press Distribution [Distributor]</ns0:subfield></ns0:datafield><ns0:datafield ind1=" " ind2=" " tag="300"><ns0:subfield code="a">1 online resource</ns0:subfield></ns0:datafield><ns0:datafield ind1=" " ind2=" " tag="336"><ns0:subfield code="a">text</ns0:subfield><ns0:subfield code="2">rdacontent</ns0:subfield></ns0:datafield><ns0:datafield ind1=" " ind2=" " tag="337"><ns0:subfield code="a">computer</ns0:subfield><ns0:subfield code="2">rdamedia</ns0:subfield></ns0:datafield><ns0:datafield ind1=" " ind2=" " tag="338"><ns0:subfield code="a">online resource</ns0:subfield><ns0:subfield code="2">rdacarrier</ns0:subfield></ns0:datafield><ns0:datafield ind1=" " ind2=" " tag="506"><ns0:subfield code="a">Restricted to use by people with a documented print impairment.</ns0:subfield></ns0:datafield><ns0:datafield ind1="8" ind2=" " tag="520"><ns0:subfield code="a">Annotation</ns0:subfield><ns0:subfield code="b">From award-winning writer Bertrand Laverdure comes Readopolis, a novel translated by Oana Avasilichioaei. It's 2006 and down-and-out protagonist Ghislain works as a reader for a publishing house in Montreal. He's bored with all the wannabe writers who are determined to leave a trace of their passage on earth with their feeble attempts at literary arts. Obsessed by literature and its future (or lack thereof), he reads everything he can in order to translate reality into the literary delirium that is Readopolis--a world imagined out of Chicago and Montreal, with few inhabitants, a convenience store, a parrot, and all kinds of dialogues running amok: cinematic, epistolary, theatrical, and Socratic. In the pages of Readopolis, Laverdure playfully examines the idea that human beings are more connected by their reading abilities than by anything else. Funny and sardonic, whimsical and tragic, this postmodern novel with touches of David Foster Wallace and Raymond Queneau portrays the global village of readers that the Internet created, even before the 2.0 revolution. Praise for Lectodome "Brilliant, playful, perfectly convincing, Lectodome has everything to place Laverdure in the ranks of the 'sickest literary greats.'" --Le Devoir "An intensely unapologetic hybrid work--zigzagging between a story within a story, epistolary novel, screenplay, and more--Lectodome is delightfully intelligent and fantastical." --Voir</ns0:subfield></ns0:datafield><ns0:datafield ind1=" " ind2=" " tag="690"><ns0:subfield code="a">Electronic books.</ns0:subfield></ns0:datafield><ns0:datafield ind1=" " ind2=" " tag="690"><ns0:subfield code="a">American Literature</ns0:subfield></ns0:datafield><ns0:datafield ind1="1" ind2=" " tag="700"><ns0:subfield code="a">Avasilichioaei, Oana</ns0:subfield><ns0:subfield code="e">Translator</ns0:subfield></ns0:datafield><ns0:datafield ind1="2" ind2=" " tag="710"><ns0:subfield code="a">desLibris - Books</ns0:subfield></ns0:datafield><ns0:datafield ind1=" " ind2=" " tag="935"><ns0:subfield code="a">(WaSeSS)ssib027951176</ns0:subfield></ns0:datafield><ns2:datafield ind1=" " ind2=" " tag="035"><ns0:subfield code="a">(AutoGenerated)201802141659510237779</ns0:subfield></ns2:datafield></ns0:record>