
<ns0:record><ns0:leader>02355cam a22004939i 4500</ns0:leader>
<ns0:controlfield tag="001">40707</ns0:controlfield>
<ns0:controlfield tag="003">NNELS</ns0:controlfield><ns0:controlfield tag="005">20171030212009.0</ns0:controlfield><ns0:controlfield tag="008">170620t20172017onc    j      000 f eng  </ns0:controlfield><ns0:datafield ind1=" " ind2=" " tag="015"><ns0:subfield code="a">20169072924</ns0:subfield><ns0:subfield code="2">can</ns0:subfield></ns0:datafield><ns0:datafield ind1=" " ind2=" " tag="020"><ns0:subfield code="a">9781770864863</ns0:subfield></ns0:datafield><ns0:datafield ind1=" " ind2=" " tag="020"><ns0:subfield code="a">1770864865</ns0:subfield></ns0:datafield><ns0:datafield ind1=" " ind2=" " tag="028"><ns0:subfield code="a">20171026145245</ns0:subfield></ns0:datafield><ns0:datafield ind1=" " ind2=" " tag="040"><ns0:subfield code="a">NLC</ns0:subfield><ns0:subfield code="b">eng</ns0:subfield><ns0:subfield code="e">rda</ns0:subfield><ns0:subfield code="c">NLC</ns0:subfield><ns0:subfield code="d">OCLCO</ns0:subfield><ns0:subfield code="d">OCLCQ</ns0:subfield><ns0:subfield code="d">YDX</ns0:subfield><ns0:subfield code="d">BDX</ns0:subfield><ns0:subfield code="d">OCLCQ</ns0:subfield><ns0:subfield code="d">XFF</ns0:subfield><ns0:subfield code="d">VP@</ns0:subfield><ns0:subfield code="d">XFF</ns0:subfield><ns0:subfield code="d">OCLCO</ns0:subfield><ns0:subfield code="d">OCLCF</ns0:subfield><ns0:subfield code="d">OCLCQ</ns0:subfield><ns0:subfield code="d">OCLCO</ns0:subfield><ns0:subfield code="d">OCL</ns0:subfield><ns0:subfield code="d">LNC</ns0:subfield><ns0:subfield code="d">UAB</ns0:subfield><ns0:subfield code="d">UBC</ns0:subfield></ns0:datafield><ns0:datafield ind1=" " ind2=" " tag="043"><ns0:subfield code="a">n------</ns0:subfield></ns0:datafield><ns0:datafield ind1="1" ind2="4" tag="050"><ns0:subfield code="a">PZ7.D5954</ns0:subfield><ns0:subfield code="b">Ma 2017</ns0:subfield></ns0:datafield><ns0:datafield ind1=" " ind2="0" tag="055"><ns0:subfield code="a">PS8607 I53</ns0:subfield><ns0:subfield code="b">M37 2017</ns0:subfield></ns0:datafield><ns0:datafield ind1="0" ind2="4" tag="082"><ns0:subfield code="a">jC813/.6</ns0:subfield><ns0:subfield code="2">23</ns0:subfield></ns0:datafield><ns0:datafield ind1="1" ind2=" " tag="100"><ns0:subfield code="a">Dimaline, Cherie,</ns0:subfield><ns0:subfield code="d">1975-</ns0:subfield><ns0:subfield code="e">author.</ns0:subfield></ns0:datafield><ns0:datafield ind1="1" ind2="4" tag="245"><ns0:subfield code="a">The marrow thieves /</ns0:subfield><ns0:subfield code="c">Cherie Dimaline.</ns0:subfield></ns0:datafield><ns0:datafield ind1=" " ind2="1" tag="264"><ns0:subfield code="a">Toronto, Ontario :</ns0:subfield><ns0:subfield code="b">Dancing Cat Books,</ns0:subfield><ns0:subfield code="c">[2017]</ns0:subfield></ns0:datafield><ns0:datafield ind1=" " ind2="4" tag="264"><ns0:subfield code="c">©2017</ns0:subfield></ns0:datafield><ns0:datafield ind1=" " ind2=" " tag="300"><ns0:subfield code="a">234 pages ;</ns0:subfield><ns0:subfield code="c">21 cm</ns0:subfield></ns0:datafield><ns0:datafield ind1=" " ind2=" " tag="336"><ns0:subfield code="a">text</ns0:subfield><ns0:subfield code="b">txt</ns0:subfield><ns0:subfield code="2">rdacontent</ns0:subfield></ns0:datafield><ns0:datafield ind1=" " ind2=" " tag="337"><ns0:subfield code="a">unmediated</ns0:subfield><ns0:subfield code="b">n</ns0:subfield><ns0:subfield code="2">rdamedia</ns0:subfield></ns0:datafield><ns0:datafield ind1=" " ind2=" " tag="338"><ns0:subfield code="a">volume</ns0:subfield><ns0:subfield code="b">nc</ns0:subfield><ns0:subfield code="2">rdacarrier</ns0:subfield></ns0:datafield><ns0:datafield ind1=" " ind2=" " tag="506"><ns0:subfield code="a">Restricted to use by people with a documented print impairment.</ns0:subfield></ns0:datafield><ns0:datafield ind1=" " ind2=" " tag="520"><ns0:subfield code="a">In a future world ravaged by global warming, people have lost the ability to dream, and the dreamlessness has led to widespread madness. The only people still able to dream are North America's indigenous population - and it is their marrow that holds the cure for the rest of the world. But getting the marrow - and dreams - means death for the unwilling donors. Driven to flight, a 15-year-old and his companions struggle for survival, attempt to reunite with loved ones, and take refuge from the "recruiters" who seek them out to bring them to the marrow-stealing 'factories.'</ns0:subfield></ns0:datafield><ns0:datafield ind1=" " ind2=" " tag="530"><ns0:subfield code="a">Issued also in electronic format.</ns0:subfield></ns0:datafield><ns0:datafield ind1=" " ind2="0" tag="650"><ns0:subfield code="a">Global warming</ns0:subfield><ns0:subfield code="v">Juvenile fiction.</ns0:subfield></ns0:datafield><ns0:datafield ind1=" " ind2="0" tag="650"><ns0:subfield code="a">Procurement of organs, tissues, etc.</ns0:subfield><ns0:subfield code="v">Juvenile fiction.</ns0:subfield></ns0:datafield><ns0:datafield ind1=" " ind2="0" tag="650"><ns0:subfield code="a">Bone marrow</ns0:subfield><ns0:subfield code="v">Juvenile fiction.</ns0:subfield></ns0:datafield><ns0:datafield ind1=" " ind2="0" tag="650"><ns0:subfield code="a">Indians of North America</ns0:subfield><ns0:subfield code="v">Juvenile fiction.</ns0:subfield></ns0:datafield><ns0:datafield ind1=" " ind2="0" tag="650"><ns0:subfield code="a">Dreams</ns0:subfield><ns0:subfield code="v">Juvenile fiction.</ns0:subfield></ns0:datafield><ns0:datafield ind1=" " ind2="1" tag="650"><ns0:subfield code="a">Global warming</ns0:subfield><ns0:subfield code="v">Fiction.</ns0:subfield></ns0:datafield><ns0:datafield ind1=" " ind2="1" tag="650"><ns0:subfield code="a">Procurement of organs, tissues, etc</ns0:subfield><ns0:subfield code="v">Fiction.</ns0:subfield></ns0:datafield><ns0:datafield ind1=" " ind2="1" tag="650"><ns0:subfield code="a">Bone marrow</ns0:subfield><ns0:subfield code="v">Fiction.</ns0:subfield></ns0:datafield><ns0:datafield ind1=" " ind2="1" tag="650"><ns0:subfield code="a">Indians of North America</ns0:subfield><ns0:subfield code="v">Fiction.</ns0:subfield></ns0:datafield><ns0:datafield ind1=" " ind2="1" tag="650"><ns0:subfield code="a">Dreams</ns0:subfield><ns0:subfield code="v">Fiction.</ns0:subfield></ns0:datafield><ns0:datafield ind1="2" ind2=" " tag="710"><ns0:subfield code="a">Xwi7xwa Collection</ns0:subfield><ns0:subfield code="5">CaBVaU</ns0:subfield></ns0:datafield><ns0:datafield ind1="1" ind2=" " tag="776"><ns0:subfield code="a">Dimaline, Cherie, 1975-</ns0:subfield><ns0:subfield code="t">Marrow thieves.</ns0:subfield><ns0:subfield code="w">(CaOONL)20169072932</ns0:subfield></ns0:datafield><ns0:datafield ind1=" " ind2=" " tag="935"><ns0:subfield code="a">(OCoLC)ocn962422711</ns0:subfield></ns0:datafield><ns0:datafield ind1=" " ind2=" " tag="935"><ns0:subfield code="a">(OCoLC)962422711</ns0:subfield><ns0:subfield code="z">(OCoLC)974454350</ns0:subfield><ns0:subfield code="z">(OCoLC)974544802</ns0:subfield><ns0:subfield code="z">(OCoLC)985008400</ns0:subfield></ns0:datafield><ns0:datafield ind1=" " ind2=" " tag="935"><ns0:subfield code="i">19se2017ixz</ns0:subfield></ns0:datafield><ns2:datafield ind1=" " ind2=" " tag="035"><ns0:subfield code="a">(AutoGenerated)201802141659510237792</ns0:subfield></ns2:datafield></ns0:record>