
<ns0:record><ns0:leader>02990cam a2200361 i 4500</ns0:leader>
<ns0:controlfield tag="001">40712</ns0:controlfield>
<ns0:controlfield tag="003">NNELS</ns0:controlfield><ns0:controlfield tag="005">20171030214026.0</ns0:controlfield><ns0:controlfield tag="008">170224t20162016quc           000 0 fre  </ns0:controlfield><ns0:datafield ind1=" " ind2=" " tag="010"><ns0:subfield code="a">  2016436414</ns0:subfield></ns0:datafield><ns0:datafield ind1=" " ind2=" " tag="020"><ns0:subfield code="z">9782764634653 (pdf)</ns0:subfield></ns0:datafield><ns0:datafield ind1=" " ind2=" " tag="020"><ns0:subfield code="z">9782764644652 (ePub)</ns0:subfield></ns0:datafield><ns0:datafield ind1=" " ind2=" " tag="028"><ns0:subfield code="a">20171030085354</ns0:subfield></ns0:datafield><ns0:datafield ind1=" " ind2=" " tag="040"><ns0:subfield code="a">DLC</ns0:subfield><ns0:subfield code="b">eng</ns0:subfield><ns0:subfield code="c">DLC</ns0:subfield><ns0:subfield code="e">rda</ns0:subfield></ns0:datafield><ns0:datafield ind1=" " ind2=" " tag="043"><ns0:subfield code="a">n-cn-qu</ns0:subfield></ns0:datafield><ns0:datafield ind1="0" ind2="0" tag="050"><ns0:subfield code="a">PQ3919.2.B5864</ns0:subfield><ns0:subfield code="b">Y48 2016</ns0:subfield></ns0:datafield><ns0:datafield ind1="0" ind2="0" tag="082"><ns0:subfield code="a">843/.914</ns0:subfield><ns0:subfield code="2">23</ns0:subfield></ns0:datafield><ns0:datafield ind1="1" ind2=" " tag="100"><ns0:subfield code="a">Bouchard, Serge,</ns0:subfield><ns0:subfield code="e">author.</ns0:subfield></ns0:datafield><ns0:datafield ind1="1" ind2="4" tag="245"><ns0:subfield code="a">Les yeux tristes de mon camion /</ns0:subfield><ns0:subfield code="c">Serge Bouchard.</ns0:subfield></ns0:datafield><ns0:datafield ind1=" " ind2="1" tag="264"><ns0:subfield code="a">Montréal (Québec) :</ns0:subfield><ns0:subfield code="b">Boréal,</ns0:subfield><ns0:subfield code="c">[2016]</ns0:subfield></ns0:datafield><ns0:datafield ind1=" " ind2="4" tag="264"><ns0:subfield code="c">©2016</ns0:subfield></ns0:datafield><ns0:datafield ind1=" " ind2=" " tag="300"><ns0:subfield code="a">212 pages ;</ns0:subfield><ns0:subfield code="c">22 cm</ns0:subfield></ns0:datafield><ns0:datafield ind1=" " ind2=" " tag="336"><ns0:subfield code="a">text</ns0:subfield><ns0:subfield code="b">txt</ns0:subfield><ns0:subfield code="2">rdacontent</ns0:subfield></ns0:datafield><ns0:datafield ind1=" " ind2=" " tag="337"><ns0:subfield code="a">unmediated</ns0:subfield><ns0:subfield code="b">n</ns0:subfield><ns0:subfield code="2">rdamedia</ns0:subfield></ns0:datafield><ns0:datafield ind1=" " ind2=" " tag="338"><ns0:subfield code="a">volume</ns0:subfield><ns0:subfield code="b">nc</ns0:subfield><ns0:subfield code="2">rdacarrier</ns0:subfield></ns0:datafield><ns0:datafield ind1="0" ind2=" " tag="490"><ns0:subfield code="a">Collection Papiers collés</ns0:subfield></ns0:datafield><ns0:datafield ind1=" " ind2=" " tag="506"><ns0:subfield code="a">Restricted to use by people with a documented print impairment.</ns0:subfield></ns0:datafield><ns0:datafield ind1=" " ind2=" " tag="520"><ns0:subfield code="a">Connaissez-vous Massassoit, le vieux sage de la nation wampanoag, Jean-Baptiste Faribault et Jean Baptiste Eugène Laframboise, ces aventuriers canadiens-français qui ont bâti l’Ouest américain, ou l’oncle Yvan, revenu de la guerre alors que plus personne ne l’attendait, ou la tante Monique de Santa Monica ? Saviez-vous qu’une vieille Honda était douée de la parole, qu’une grande tortue sacrée vivait sur le boulevard Pie-IX, qu’un camion des années 1950 avait des yeux, et que ces yeux pouvaient parfois être tristes ? Voilà quelques-unes des merveilles que l’on découvre ici, ainsi que mille autres, grandioses ou infimes, lointaines ou familières, cachées dans le passé que nous avons oublié, chez les humbles que nous n’écoutons plus, ou bien là, tout près, dans la nature qui nous entoure comme dans la ville que nous habitons, mais que notre modernité trépidante et notre obsession de la vitesse et de l’efficacité nous empêchent de saisir. Car pour les saisir, écrit Serge Bouchard, l’humain doit avoir « les yeux ouverts », c’est-à-dire des sens, un cœur, une intelligence et une mémoire capables de reconnaître la beauté secrète des choses, les joies et les souffrances quotidiennes qu’apporte à chacun, et particulièrement aux humiliés de ce monde, le simple fait de vivre, d’aimer, de vieillir. Après C’était au temps des mammouths laineux (2012), voici de nouveau une trentaine de petits essais écrits avec cet art qui est la marque unique de Serge Bouchard, le timbre même de sa voix : un art qui est à la fois celui de l’anthropologue, nourri par une attention passionnée aux visages et aux récits inépuisables des humains, et celui du poète, confiant dans les pouvoirs révélateurs de l’imagination et du langage. </ns0:subfield></ns0:datafield><ns0:datafield ind1=" " ind2="0" tag="651"><ns0:subfield code="a">Québec (Province)</ns0:subfield><ns0:subfield code="x">Social life and customs</ns0:subfield><ns0:subfield code="y">21st century.</ns0:subfield></ns0:datafield><ns0:datafield ind1=" " ind2="0" tag="651"><ns0:subfield code="a">Québec (Province)</ns0:subfield><ns0:subfield code="x">Social conditions</ns0:subfield><ns0:subfield code="y">21st century.</ns0:subfield></ns0:datafield><ns0:datafield ind1=" " ind2="0" tag="650"><ns0:subfield code="a">Indians of North America.</ns0:subfield></ns0:datafield><ns0:datafield ind1=" " ind2="0" tag="650"><ns0:subfield code="a">Civilization, Western</ns0:subfield><ns0:subfield code="y">21st century.</ns0:subfield></ns0:datafield><ns0:datafield ind1=" " ind2=" " tag="923"><ns0:subfield code="a">Purchase</ns0:subfield><ns0:subfield code="d">2017-02-24</ns0:subfield><ns0:subfield code="n">I-10335234</ns0:subfield><ns0:subfield code="s">ProQuest</ns0:subfield></ns0:datafield><ns2:datafield ind1=" " ind2=" " tag="035"><ns0:subfield code="a">(AutoGenerated)201802141659510237804</ns0:subfield></ns2:datafield></ns0:record>