
<ns0:record><ns0:leader>02062nam a2200397 i 4500</ns0:leader>
<ns0:controlfield tag="001">40711</ns0:controlfield>
<ns0:controlfield tag="003">NNELS</ns0:controlfield><ns0:controlfield tag="005">20171030213327.0</ns0:controlfield><ns0:controlfield tag="006">a           000 f </ns0:controlfield><ns0:controlfield tag="007">ta</ns0:controlfield><ns0:controlfield tag="008">170601t20162016quc           000 f fre  </ns0:controlfield><ns0:datafield ind1=" " ind2=" " tag="020"><ns0:subfield code="a">9782924519295</ns0:subfield></ns0:datafield><ns0:datafield ind1=" " ind2=" " tag="028"><ns0:subfield code="a">20171027134937</ns0:subfield></ns0:datafield><ns0:datafield ind1=" " ind2=" " tag="040"><ns0:subfield code="a">QMBN</ns0:subfield><ns0:subfield code="b">fre</ns0:subfield><ns0:subfield code="e">rda</ns0:subfield><ns0:subfield code="c">QMBN</ns0:subfield><ns0:subfield code="d">QMBND</ns0:subfield></ns0:datafield><ns0:datafield ind1="0" ind2="4" tag="082"><ns0:subfield code="a">C843/.6</ns0:subfield><ns0:subfield code="2">23</ns0:subfield></ns0:datafield><ns0:datafield ind1="1" ind2=" " tag="100"><ns0:subfield code="a">Guay-Poliquin, Christian,</ns0:subfield><ns0:subfield code="d">1982-</ns0:subfield><ns0:subfield code="e">auteur.</ns0:subfield></ns0:datafield><ns0:datafield ind1="1" ind2="3" tag="245"><ns0:subfield code="a">Le poids de la neige /</ns0:subfield><ns0:subfield code="c">Christian Guay-Poliquin</ns0:subfield></ns0:datafield><ns0:datafield ind1=" " ind2="1" tag="264"><ns0:subfield code="a">Chicoutimi (Québec) :</ns0:subfield><ns0:subfield code="b">La Peuplade,</ns0:subfield><ns0:subfield code="c">2016.</ns0:subfield></ns0:datafield><ns0:datafield ind1=" " ind2="4" tag="264"><ns0:subfield code="c">©2016</ns0:subfield></ns0:datafield><ns0:datafield ind1=" " ind2=" " tag="300"><ns0:subfield code="a">296 pages ;</ns0:subfield><ns0:subfield code="c">19 cm</ns0:subfield></ns0:datafield><ns0:datafield ind1=" " ind2=" " tag="336"><ns0:subfield code="a">texte</ns0:subfield><ns0:subfield code="b">txt</ns0:subfield><ns0:subfield code="2">rdacontent</ns0:subfield></ns0:datafield><ns0:datafield ind1=" " ind2=" " tag="337"><ns0:subfield code="a">sans médiation</ns0:subfield><ns0:subfield code="b">n</ns0:subfield><ns0:subfield code="2">rdamedia</ns0:subfield></ns0:datafield><ns0:datafield ind1=" " ind2=" " tag="338"><ns0:subfield code="a">volume</ns0:subfield><ns0:subfield code="b">nc</ns0:subfield><ns0:subfield code="2">rdacarrier</ns0:subfield></ns0:datafield><ns0:datafield ind1="1" ind2=" " tag="490"><ns0:subfield code="a">Roman</ns0:subfield></ns0:datafield><ns0:datafield ind1=" " ind2=" " tag="506"><ns0:subfield code="a">Restricted to use by people with a documented print impairment.</ns0:subfield></ns0:datafield><ns0:datafield ind1=" " ind2=" " tag="520"><ns0:subfield code="a">Dans une véranda cousue de courants d’air, en retrait d’un village sans électricité, s’organise la vie de Matthias et d’un homme accidenté qui lui a été confié juste avant l’hiver. Telle a été l’entente : le vieil homme assurera la rémission du plus jeune en échange de bois de chauffage, de vivres et, surtout, d’une place dans le convoi qui partira pour la ville au printemps.  Les centimètres de neige s’accumulent et chaque journée apporte son lot de défis. Près du poêle à bois, les deux individus tissent laborieusement leur complicité au gré des conversations et des visites de Joseph, Jonas, Jean, Jude, José et de la belle Maria. Les rumeurs du village pénètrent dans les méandres du décor, l’hiver pèse, la tension est palpable. Tiendront-ils le coup?</ns0:subfield></ns0:datafield><ns0:datafield ind1=" " ind2=" " tag="595"><ns0:subfield code="a">Oct17sFre</ns0:subfield><ns0:subfield code="5">BSE</ns0:subfield></ns0:datafield><ns0:datafield ind1=" " ind2="6" tag="650"><ns0:subfield code="a">Victimes d'accidents de la route</ns0:subfield><ns0:subfield code="v">Romans, nouvelles, etc.</ns0:subfield></ns0:datafield><ns0:datafield ind1=" " ind2="6" tag="650"><ns0:subfield code="a">Hommes âgés</ns0:subfield><ns0:subfield code="v">Romans, nouvelles, etc.</ns0:subfield></ns0:datafield><ns0:datafield ind1=" " ind2="6" tag="650"><ns0:subfield code="a">Maisons abandonnées</ns0:subfield><ns0:subfield code="v">Romans, nouvelles, etc.</ns0:subfield></ns0:datafield><ns0:datafield ind1=" " ind2="6" tag="650"><ns0:subfield code="a">Méfiance</ns0:subfield><ns0:subfield code="v">Romans, nouvelles, etc.</ns0:subfield></ns0:datafield><ns0:datafield ind1=" " ind2="6" tag="650"><ns0:subfield code="a">Habiletés de survie</ns0:subfield><ns0:subfield code="v">Romans, nouvelles, etc.</ns0:subfield></ns0:datafield><ns0:datafield ind1=" " ind2="6" tag="655"><ns0:subfield code="a">Romans</ns0:subfield></ns0:datafield><ns0:datafield ind1=" " ind2="0" tag="830"><ns0:subfield code="a">Roman (Peuplade (Firme))</ns0:subfield></ns0:datafield><ns0:datafield ind1=" " ind2=" " tag="905"><ns0:subfield code="u">lynD</ns0:subfield></ns0:datafield><ns0:datafield ind1=" " ind2=" " tag="935"><ns0:subfield code="a">(SITKA)118601359</ns0:subfield></ns0:datafield><ns2:datafield ind1=" " ind2=" " tag="035"><ns0:subfield code="a">(AutoGenerated)201802141659510237815</ns0:subfield></ns2:datafield></ns0:record>