
<ns0:record><ns0:leader>02283cam a22004579i 4500</ns0:leader>
<ns0:controlfield tag="001">40706</ns0:controlfield>
<ns0:controlfield tag="003">NNELS</ns0:controlfield><ns0:controlfield tag="005">20171030211844.0</ns0:controlfield><ns0:controlfield tag="008">170530t20162016mbca   j      000 1 eng  </ns0:controlfield><ns0:datafield ind1=" " ind2=" " tag="016"><ns0:subfield code="a">20169044408</ns0:subfield></ns0:datafield><ns0:datafield ind1=" " ind2=" " tag="020"><ns0:subfield code="a">9781553796732</ns0:subfield></ns0:datafield><ns0:datafield ind1=" " ind2=" " tag="020"><ns0:subfield code="a">155379673X</ns0:subfield></ns0:datafield><ns0:datafield ind1=" " ind2=" " tag="028"><ns0:subfield code="a">20171027134935</ns0:subfield></ns0:datafield><ns0:datafield ind1=" " ind2=" " tag="040"><ns0:subfield code="a">NLC</ns0:subfield><ns0:subfield code="b">eng</ns0:subfield><ns0:subfield code="e">rda</ns0:subfield><ns0:subfield code="c">NLC</ns0:subfield><ns0:subfield code="d">OCLCO</ns0:subfield><ns0:subfield code="d">BTCTA</ns0:subfield><ns0:subfield code="d">BDX</ns0:subfield><ns0:subfield code="d">OCLCF</ns0:subfield><ns0:subfield code="d">ORX</ns0:subfield><ns0:subfield code="d">CGP</ns0:subfield><ns0:subfield code="d">OCLCO</ns0:subfield><ns0:subfield code="d">OCL</ns0:subfield><ns0:subfield code="d">CNCGM</ns0:subfield><ns0:subfield code="d">OCLCQ</ns0:subfield><ns0:subfield code="d">OCLCO</ns0:subfield><ns0:subfield code="d">YDXCP</ns0:subfield><ns0:subfield code="d">JP3</ns0:subfield><ns0:subfield code="d">IHX</ns0:subfield><ns0:subfield code="d">GL4</ns0:subfield><ns0:subfield code="d">PFLCL</ns0:subfield><ns0:subfield code="d">IGA</ns0:subfield><ns0:subfield code="d">PLS</ns0:subfield><ns0:subfield code="d">EHH</ns0:subfield><ns0:subfield code="d">UBC</ns0:subfield></ns0:datafield><ns0:datafield ind1=" " ind2=" " tag="043"><ns0:subfield code="a">n-cn---</ns0:subfield></ns0:datafield><ns0:datafield ind1=" " ind2="4" tag="050"><ns0:subfield code="a">PZ7.1.R598</ns0:subfield><ns0:subfield code="b">Wh 2016</ns0:subfield></ns0:datafield><ns0:datafield ind1=" " ind2="0" tag="055"><ns0:subfield code="a">PN6733 R63</ns0:subfield><ns0:subfield code="b">W44 2016</ns0:subfield></ns0:datafield><ns0:datafield ind1="0" ind2="4" tag="082"><ns0:subfield code="a">j741.5/971</ns0:subfield><ns0:subfield code="2">23</ns0:subfield></ns0:datafield><ns0:datafield ind1="1" ind2=" " tag="100"><ns0:subfield code="a">Robertson, David,</ns0:subfield><ns0:subfield code="d">1977-</ns0:subfield><ns0:subfield code="e">author.</ns0:subfield></ns0:datafield><ns0:datafield ind1="1" ind2="0" tag="245"><ns0:subfield code="a">When we were alone /</ns0:subfield><ns0:subfield code="c">David Alexander Robertson ; Julie Flett.</ns0:subfield></ns0:datafield><ns0:datafield ind1=" " ind2="1" tag="264"><ns0:subfield code="a">Winnipeg, Manitoba :</ns0:subfield><ns0:subfield code="b">HighWater Press,</ns0:subfield><ns0:subfield code="c">[2016]</ns0:subfield></ns0:datafield><ns0:datafield ind1=" " ind2="4" tag="264"><ns0:subfield code="c">©2016</ns0:subfield></ns0:datafield><ns0:datafield ind1=" " ind2=" " tag="300"><ns0:subfield code="a">1 volume unpaged :</ns0:subfield><ns0:subfield code="b">color illustrations ;</ns0:subfield><ns0:subfield code="c">22 cm</ns0:subfield></ns0:datafield><ns0:datafield ind1=" " ind2=" " tag="336"><ns0:subfield code="a">text</ns0:subfield><ns0:subfield code="b">txt</ns0:subfield><ns0:subfield code="2">rdacontent</ns0:subfield></ns0:datafield><ns0:datafield ind1=" " ind2=" " tag="336"><ns0:subfield code="a">still image</ns0:subfield><ns0:subfield code="b">sti</ns0:subfield><ns0:subfield code="2">rdacontent</ns0:subfield></ns0:datafield><ns0:datafield ind1=" " ind2=" " tag="337"><ns0:subfield code="a">unmediated</ns0:subfield><ns0:subfield code="b">n</ns0:subfield><ns0:subfield code="2">rdamedia</ns0:subfield></ns0:datafield><ns0:datafield ind1=" " ind2=" " tag="338"><ns0:subfield code="a">volume</ns0:subfield><ns0:subfield code="b">nc</ns0:subfield><ns0:subfield code="2">rdacarrier</ns0:subfield></ns0:datafield><ns0:datafield ind1=" " ind2=" " tag="506"><ns0:subfield code="a">Restricted to use by people with a documented print impairment.</ns0:subfield></ns0:datafield><ns0:datafield ind1=" " ind2=" " tag="520"><ns0:subfield code="a">"When a young girl helps tend to her grandmother's garden, she begins to notice things that make her curious. Why does her grandmother have long, braided hair and beautifully colored clothing? Why does she speak another language and spend so much time with her family? As she asks her grandmother about these things, she is told about life in a residential school a long time ago, where all of these things were taken away. When We Were Alone is a story about a difficult time in history, and, ultimately, one of empowerment and strength."--</ns0:subfield><ns0:subfield code="c">Provided by publisher.</ns0:subfield></ns0:datafield><ns0:datafield ind1=" " ind2="0" tag="650"><ns0:subfield code="a">Indigenous peoples</ns0:subfield><ns0:subfield code="x">Education</ns0:subfield><ns0:subfield code="z">Canada</ns0:subfield><ns0:subfield code="v">Juvenile fiction.</ns0:subfield></ns0:datafield><ns0:datafield ind1=" " ind2="0" tag="650"><ns0:subfield code="a">Cree Indians</ns0:subfield><ns0:subfield code="x">Education</ns0:subfield><ns0:subfield code="v">Juvenile fiction.</ns0:subfield></ns0:datafield><ns0:datafield ind1=" " ind2="0" tag="650"><ns0:subfield code="a">Off-reservation boarding schools</ns0:subfield><ns0:subfield code="v">Juvenile fiction.</ns0:subfield></ns0:datafield><ns0:datafield ind1=" " ind2="0" tag="650"><ns0:subfield code="a">Grandmothers</ns0:subfield><ns0:subfield code="v">Juvenile fiction.</ns0:subfield></ns0:datafield><ns0:datafield ind1=" " ind2="1" tag="650"><ns0:subfield code="a">Indigenous peoples</ns0:subfield><ns0:subfield code="x">Education</ns0:subfield><ns0:subfield code="v">Fiction.</ns0:subfield></ns0:datafield><ns0:datafield ind1=" " ind2="1" tag="650"><ns0:subfield code="a">Cree Indians</ns0:subfield><ns0:subfield code="x">Education</ns0:subfield><ns0:subfield code="v">Fiction.</ns0:subfield></ns0:datafield><ns0:datafield ind1=" " ind2="1" tag="650"><ns0:subfield code="a">Off-reservation boarding schools</ns0:subfield><ns0:subfield code="v">Fiction.</ns0:subfield></ns0:datafield><ns0:datafield ind1=" " ind2="1" tag="650"><ns0:subfield code="a">Grandmothers</ns0:subfield><ns0:subfield code="v">Fiction.</ns0:subfield></ns0:datafield><ns0:datafield ind1=" " ind2="5" tag="650"><ns0:subfield code="a">Native peoples</ns0:subfield><ns0:subfield code="z">Canada</ns0:subfield><ns0:subfield code="x">Residential schools</ns0:subfield><ns0:subfield code="v">Juvenile fiction.</ns0:subfield></ns0:datafield><ns0:datafield ind1="1" ind2=" " tag="700"><ns0:subfield code="a">Flett, Julie,</ns0:subfield><ns0:subfield code="e">illustrator.</ns0:subfield></ns0:datafield><ns0:datafield ind1=" " ind2=" " tag="935"><ns0:subfield code="a">(OCoLC)ocn953886859</ns0:subfield></ns0:datafield><ns0:datafield ind1=" " ind2=" " tag="935"><ns0:subfield code="i">30ag2017he</ns0:subfield></ns0:datafield><ns2:datafield ind1=" " ind2=" " tag="035"><ns0:subfield code="a">(AutoGenerated)201802141659510237828</ns0:subfield></ns2:datafield></ns0:record>
</ns0:collection>